@InProceedings{Bernstein2011,
  Title                    = {High-Speed High-Security Signatures},
  Author                   = {Daniel J. Bernstein and Niels Duif and Tanja Lange and  Peter Schwabe and Bo{-}Yin Yang},
  Booktitle                = {Cryptographic Hardware and Embedded Systems - {CHES} 2011 - 13th International  Workshop, Nara, Japan,
 September 28 - October 1, 2011. Proceedings},
  Year                     = {2011},
  Pages                    = {124--142},

  Bibsource                = {dblp computer science bibliography, http://dblp.org},
  Biburl                   = {http://dblp.uni-trier.de/rec/bib/conf/ches/BernsteinDLSY11},
  Crossref                 = {DBLP:conf/ches/2011},
  Doi                      = {10.1007/978-3-642-23951-9_9},
  Timestamp                = {Thu, 29 Sep 2011 19:49:38 +0200},
  Url                      = {http://dx.doi.org/10.1007/978-3-642-23951-9_9}
}

@PhdThesis{Scipioni2009,
  Title                    = {Algorithms and Services for Peer-to-Peer Internal Clock Synchronization},
  Author                   = {Sirio Scipioni},
  School                   = {Universit`a degli Studi di Roma ,,La Sapienza''},
  Year                     = {2009},

  Owner                    = {BloodyRookie},
  Timestamp                = {2015.04.22}
}

@incollection{douceur2002sybil,
  Title                    = {The sybil attack},
  Author                   = {Douceur, John R},
  Booktitle                = {Peer-to-peer Systems},
  Year                     = {2002},
  Pages                    = {251--260},
  Publisher                = {Springer}
}
